@book{schawel:2009,
	title = {Top 100 Management Tools: Das wichtigste Buch eines Managers},
	author = {Schawel, Christian und Billing, Fabian},
	address = {Wiesbaden},
	publisher = {Gabler Verlag},
	year = {2009},
	isbn = {978-3-8349-8185-1}
}

@book{grossklaus:2008,
	title = {Neue Produkte einführen: Von der Idee zum Markterfolg},
	author = {Großklaus, Rainer H. G.},
	address = {Wiesbaden},
	publisher = {Gabler Verlag},
	year = {2008},
	isbn = {978-3-8349-0499-7}
}

@TechReport{dreyfus:1980,
	author = {Stuard E. Dreyfus and Hubert L. Dreyfus},
	title = {A Five-Stage Model Of The Mental Activities Involved In Directed Skill Acquisition},
	institution = {University of California, Berkley},
	year = {1980},
	url = {http://www.dtic.mil/cgi-bin/GetTRDoc?AD=ADA084551&Location=U2&doc=GetTRDoc.pdf},
}

@Online{zephram:2018,
	author = {{Graham Horton}},
	title = {{Kriterien bei der Ideenbewertung}},
	url = {http://www.zephram.de/blog/ideenbewertung/kriterien-Ideenbewertung/},
	year = {2018}
}

@Online{scrum:2018,
	author = {{scrum-master.de}},
	title = {{Grundidee: Entwickeln in Inkrementen}},
	url = {http://scrum-master.de/Was_ist_Scrum/Grundidee_Entwickeln_in_Inkrementen},
	year = {2018}
}


@Unpublished{mustermann:2012,
	author = {Max Mustermann},
	title = {tolles Musterthema},
	year = {2012},
	address = {Musterstadt},
	note = {Studienarbeit}
}